@misc{
  test,
  title={test article},
  author={dokaraya}
}
